@article{Veenman2005,
author = {Veenman, Cor J and Reinders, Marcel J T},
file = {:C$\backslash$:/Users/cml/Desktop/ClassificationML/Literature/The Nearest Subclass Classifier A Compromise between the NearestMean and Nearest Neighbor Classifier.pdf:pdf},
number = {9},
pages = {1417--1429},
title = {{The nearest sub-class classifier{\_}a compromise between the nearest mean and nearest neighbor classifier.pdf}},
volume = {27},
year = {2005}
}

@book{Duda2012,
author = {Duda, R O and Hart, P E and Stork, D G},
file = {::},
pages = {680},
title = {{Pattern Classification}},
year = {2012}
}
